@article{Fishbach2020,
  author        = {{Fishbach}, Maya and {Holz}, Daniel E.},
  title         = {{Picky Partners: The Pairing of Component Masses in Binary Black Hole Mergers}},
  journal       = {\apjl},
  keywords      = {Astrophysical black holes, Gravitational wave sources, Massive stars, Stellar remnants, 98, 677, 732, 1627, Astrophysics - High Energy Astrophysical Phenomena, General Relativity and Quantum Cosmology},
  year          = 2020,
  month         = mar,
  volume        = {891},
  number        = {1},
  eid           = {L27},
  pages         = {L27},
  doi           = {10.3847/2041-8213/ab7247},
  archiveprefix = {arXiv},
  eprint        = {1905.12669},
  primaryclass  = {astro-ph.HE},
  adsurl        = {https://ui.adsabs.harvard.edu/abs/2020ApJ...891L..27F},
  adsnote       = {Provided by the SAO/NASA Astrophysics Data System}
}

@article{Madau2014,
  author        = {{Madau}, Piero and {Dickinson}, Mark},
  title         = {{Cosmic Star-Formation History}},
  journal       = {\araa},
  keywords      = {Astrophysics - Cosmology and Nongalactic Astrophysics},
  year          = 2014,
  month         = aug,
  volume        = {52},
  pages         = {415-486},
  doi           = {10.1146/annurev-astro-081811-125615},
  archiveprefix = {arXiv},
  eprint        = {1403.0007},
  primaryclass  = {astro-ph.CO},
  adsurl        = {https://ui.adsabs.harvard.edu/abs/2014ARA&A..52..415M},
  adsnote       = {Provided by the SAO/NASA Astrophysics Data System}
}

@misc{Volgyes2020,
  author = {David V\"{o}lgyes},
  title  = {Zenodo\_get: a downloader for Zenodo records.},
  month  = {2},
  year   = {2020},
  doi    = {10.5281/zenodo.1261812},
  url    = {https://doi.org/10.5281/zenodo.1261812}
}


